@misc{Matsuda,
  author       = "Martínez Basila, Azucena and Maldonado Hernández, Jorge and López Alarcón, Mardia",
  title        = "Métodos diagnósticos de la resistencia a la insulina en la población pediátrica",
  journal = "Boletín médico del Hospital Infantil de México, 68(5)",
  month        = "10",
  year         = "2011",
  url = "http://www.scielo.org.mx/scielo.php?",
  script="sci_arttext&pid=S1665-11462011000500010&lng=es&tlng=es",
  urldate = {2023-10-10}
}


%%%%%%%%%%%%%%%%%%%%%%%%%%%%%%%%%%%%%%%%%%%%%%%%%%%%%%
%%%%%%%%%%%%%%% DIABETES EN MEXICO %%%%%%%%%%%%%%%%%%%
%%%%%%%%%%%%%%%%%%%%%%%%%%%%%%%%%%%%%%%%%%%%%%%%%%%%%%

@misc{PromoSaludMexico,
  author = "Gobierno de México",
  title = "Diabetes en México",
  year = "2020",
  url = "https://www.gob.mx/promosalud/acciones-y-programas/diabetes-en-mexico-284509",
  urldate = {2023-10-10}
}

@misc{INEGI,
  author = "INEGI",
  title = "ESTADÍSTICAS DE DEFUNCIONES REGISTRADAS (EDR)",
  year = "2024",
  url = "https://www.inegi.org.mx/contenidos/saladeprensa/boletines/2024/EDR/EDR2023_En-Jn.pdf",
  urldate = {2024-02-07}
}

%%%%%%%%%%%%%%%%%%%%%%%%%%%%%%%%%%%%%%%%%%%%%%%%%%%%%%
%%%%%%%%%%%%%% DIABETES INFORMACION %%%%%%%%%%%%%%%%%%
%%%%%%%%%%%%%%%%%%%%%%%%%%%%%%%%%%%%%%%%%%%%%%%%%%%%%%

@misc{diabetes,
  author = {Sapra, Amit and Bhandari, Priyanka},
  title = "Diabetes",
  year = "2023",
  url = "https://www.ncbi.nlm.nih.gov/books/NBK551501/",
  urldate = {2024-02-07}
}

@ARTICLE{indicesRes,
  title     = "Assessment of methods and indexes of insulin sensitivity",
  author    = "Patarr{\~a}o, Rita S and Wayne Lautt, Wilford and Paula Macedo,
               Maria",
  abstract  = "Insulin resistance contributes to the pathophysiology of
               diabetes and is a hallmark of obesity, metabolic syndrome, and
               many cardiovascular diseases. Therefore, quantifying insulin
               sensitivity/resistance in humans and animal models is of great
               importance.Various methods are used to assess insulin
               sensitivity both in individuals and in study populations.
               Validity, reproducibility, cost, and degree of subject burden
               are important factors for both clinicians and researchers to
               consider when weighing the merits of a particular method. Some
               methods rely on steady-state analysis of glucose and insulin,
               whereas others rely on dynamic testing. Each of these methods
               has distinct advantages and limitations. Thus, optimal choice
               and employment of a specific method depend on the nature of the
               studies being performed. Established direct methods for
               measuring insulin sensitivity in vivo are relatively complex.
               Finally, simple surrogate indexes for insulin
               sensitivity/resistance are available that are derived from blood
               insulin and glucose concentrations under fasting conditions
               (steady state) or in the postprandial state (dynamic). This
               article highlight merits, limitations, and appropriate use of
               current in vivo measures of insulin sensitivity/resistance and
               presents the advantages and disadvantages of each.A
               resist{\^e}ncia {\`a} insulina contribui para a fisiopatologia
               da diabetes e {\'e} uma caracter{\'\i}stica marcante da
               obesidade, da s{\'\i}ndrome metab{\'o}lica, e de doen{\c c}as
               cardiovasculares. Assim, quantificar a sensibilidade {\`a}
               insulina vs resist{\^e}ncia {\`a} insulina em humanos e em
               modelos animais {\'e} de grande import{\^a}ncia.Existem
               v{\'a}rios m{\'e}todos para avaliar a sensibilidade {\`a}
               insulina, tanto em indiv{\'\i}duos, como em popula{\c c}{\~o}es
               de estudo. A validade, reprodutibilidade, custo e envolvimento
               dos indiv{\'\i}duos s{\~a}o fatores importantes a considerar
               para os cl{\'\i}nicos e investigadores aquando da escolha de um
               determinado m{\'e}todo de avalia{\c c}{\~a}o da sensibilidade
               e/ou resist{\^e}ncia {\`a} insulina. Alguns m{\'e}todos dependem
               da quantifica{\c c}{\~a}o dos n{\'\i}veis de glucose e de
               insulina no estado estacion{\'a}rio, embora outros m{\'e}todos
               possam ser utilizados no estado din{\^a}mico. Cada um destes
               m{\'e}todos tem vantagens e limita{\c c}{\~o}es distintas.
               Assim, a escolha e a aplicabilidade correta de um m{\'e}todo
               espec{\'\i}fico depende da natureza dos estudos a serem
               realizados. O desenho de m{\'e}todos diretos para medir a
               sensibilidade {\`a} insulina in vivo {\'e} relativamente
               complexo. Existem alguns {\'\i}ndices simples para avaliar a
               sensibilidade e/ou resist{\^e}ncia {\`a} insulina, que resultam
               da avalia{\c c}{\~a}o das concentra{\c c}{\~o}es de insulina e
               glucose em jejum (estado estacion{\'a}rio) ou no estado
               p{\'o}s-prandial (estado din{\^a}mico). Este artigo destaca as
               limita{\c c}{\~o}es e a utiliza{\c c}{\~a}o adequada dos atuais
               m{\'e}todos de avalia{\c c}{\~a}o de sensibilidade e/ou
               resist{\^e}ncia {\`a} insulina e apresenta as vantagens e
               desvantagens de cada um dos m{\'e}todos.",
  journal   = "Rev. Port. Endocrinol. Diabetes Metab.",
  publisher = "Sociedade Portuguesa de Endocrinologia Diabetes e Metabolismo",
  volume    =  9,
  number    =  1,
  pages     = "65--73",
  month     =  jan,
  year      =  2014,
  copyright = "http://creativecommons.org/licenses/by-nc-nd/3.0/",
  language  = "en"
}

%%%%%%%%%%%%%%%%%%%%%%%%%%%%%%%%%%%%%%%%%%%%%%%%%%%%%%
%%%%%%%%%%%%%% SIMDROME METABOLICO %%%%%%%%%%%%%%%%%%%
%%%%%%%%%%%%%%%%%%%%%%%%%%%%%%%%%%%%%%%%%%%%%%%%%%%%%%

@online{unamHomeostasis,
  title = {Mecanismos de Homeostasis},
  author = {Universidad Nacional Autónoma de México},
  year = {2011},
  url = {http://www.objetos.unam.mx/biologia/homeostasis/sitio/mecanismos.html}, 
  urldate = {2024-01-22}
}

@inbook{capitulo4Metabolic,
  title = {Metabolic Syndrome and Ionic Channels in Pancreatic Beta Cells},
  ISSN = {0083-6729},
  url = {http://dx.doi.org/10.1016/B978-0-12-800174-5.00004-1},
  DOI = {10.1016/b978-0-12-800174-5.00004-1},
  booktitle = {Vitamins \&amp; Hormones},
  publisher = {Elsevier},
  author = {Hiriart,  Marcia and Velasco,  Myrian and Larqué,  Carlos and Diaz-Garcia,  Carlos Manlio},
  year = {2014},
  pages = {87–114}
}

@article{MedicionEstimacion,
  title = {Measuring and estimating insulin resistance in clinical and research settings},
  volume = {30},
  ISSN = {1930-739X},
  url = {http://dx.doi.org/10.1002/oby.23503},
  DOI = {10.1002/oby.23503},
  number = {8},
  journal = {Obesity},
  publisher = {Wiley},
  author = {Gastaldelli,  Amalia},
  year = {2022},
  month = jul,
  pages = {1549–1563}
}

@article{ModelacionMatematica2020,
  title = {Mathematical Modeling for the Physiological and Clinical Investigation of Glucose Homeostasis and Diabetes},
  volume = {11},
  ISSN = {1664-042X},
  url = {http://dx.doi.org/10.3389/fphys.2020.575789},
  DOI = {10.3389/fphys.2020.575789},
  journal = {Frontiers in Physiology},
  publisher = {Frontiers Media SA},
  author = {Mari,  Andrea and Tura,  Andrea and Grespan,  Eleonora and Bizzotto,  Roberto},
  year = {2020},
  month = nov 
}

@article{HomeoModAss,
  title = {Homeostasis model assessment: insulin resistance and $\beta$-cell function from fasting plasma glucose and insulin concentrations in man},
  volume = {28},
  ISSN = {1432-0428},
  url = {http://dx.doi.org/10.1007/BF00280883},
  DOI = {10.1007/bf00280883},
  number = {7},
  journal = {Diabetologia},
  publisher = {Springer Science and Business Media LLC},
  author = {Matthews,  D. R. and Hosker,  J. P. and Rudenski,  A. S. and Naylor,  B. A. and Treacher,  D. F. and Turner,  R. C.},
  year = {1985},
  month = jul,
  pages = {412–419}
}

@article{InsulinDef,
  title = {Insulin deficiency and insulin resistance interaction in diabetes: Estimation of their relative contribution by feedback analysis from basal plasma insulin and glucose concentrations},
  volume = {28},
  ISSN = {0026-0495},
  url = {http://dx.doi.org/10.1016/0026-0495(79)90146-x},
  DOI = {10.1016/0026-0495(79)90146-x},
  number = {11},
  journal = {Metabolism},
  publisher = {Elsevier BV},
  author = {Turner,  R.C. and Holman,  R.R. and Matthews,  D. and Hockaday,  T.D.R. and Peto,  J.},
  year = {1979},
  month = nov,
  pages = {1086–1096}
}

@article{computational, 
  title={A computational model of the human glucose-insulin regulatory system}, 
  volume={24},
  ISSN={1674-8301}, 
  url={http://dx.doi.org/10.1016/S1674-8301(10)60048-6}, 
  DOI={10.1016/s1674-8301(10)60048-6}, 
  number={5}, 
  journal={Journal of Biomedical Research}, 
  publisher={Elsevier BV},
  author={Shiang, Keh-Dong and Kandeel, Fouad}, 
  year={2010}, 
  month=sep, 
  pages={347–364} }

%%%%%%%%%%%%%%%%%%%%%%%%%%%%%%%%%%%%%%%%%%%%%%%%%%%%%%
%%%%%%%%%%%%%% PRUEBAS DE TOLERANCIA %%%%%%%%%%%%%%%%%
%%%%%%%%%%%%%%%%%%%%%%%%%%%%%%%%%%%%%%%%%%%%%%%%%%%%%%

@misc{testGlu,
  author = "MAYO CLINIC",
  title = "Prueba de tolerancia a la glucosa",
  year = "2022",
  url = "https://www.mayoclinic.org/es/tests-procedures/glucose-tolerance-test/about/pac-20394296",
  urldate = {2024-02-07}
}

@misc{causasGlu,
  author = "MAYO CLINIC",
  title = "Los niveles de azúcar en sangre pueden fluctuar por muchas razones",
  year = "2022",
  url = "https://www.mayoclinic.org/es/diseases-conditions/diabetes/expert-answers/glucose-levels/faq-20424316#:~:text=Administraci%C3%B3n%20incorrecta%20de%20medicamentos,Cambios%20hormonales",
  urldate = {2024-02-07}
}

@misc{limiteHOMA,
  author = "Jorge Luis, Poo",
  title = "ÍNDICE DE RESISTENCIA A LA INSULINA (HOMA-IR)",
  year = "2022",
  url = "https://amhigo.com/mi-diagnostico/calculadoras/indice-de-resistencia-a-la-insulina-homa-ir",
  urldate = {2024-02-09}
}

@article{HOMAMex,
  title = {The Definition of Insulin Resistance Using HOMA-IR for Americans of Mexican Descent Using Machine Learning},
  volume = {6},
  ISSN = {1932-6203},
  url = {http://dx.doi.org/10.1371/journal.pone.0021041},
  DOI = {10.1371/journal.pone.0021041},
  number = {6},
  journal = {PLoS ONE},
  publisher = {Public Library of Science (PLoS)},
  author = {Qu,  Hui-Qi and Li,  Quan and Rentfro,  Anne R. and Fisher-Hoch,  Susan P. and McCormick,  Joseph B.},
  editor = {Vella,  Adrian},
  year = {2011},
  month = jun,
  pages = {e21041}
}

@article{NovelInsulin,
  title = {Novel Insulin Sensitivity Index Derived from Oral Glucose Tolerance Test},
  volume = {88},
  ISSN = {1945-7197},
  url = {http://dx.doi.org/10.1210/jc.2002-021127},
  DOI = {10.1210/jc.2002-021127},
  number = {3},
  journal = {The Journal of Clinical Endocrinology Metabolism},
  publisher = {The Endocrine Society},
  author = {Soonthornpun,  Supamai and Setasuban,  Worawong and Thamprasit,  Atchara and Chayanunnukul,  Wanne and Rattarasarn,  Chatchalit and Geater,  Alan},
  year = {2003},
  month = mar,
  pages = {1019–1023}
}

@article{GenderDifferences2018,
  title = {Gender differences in glucose homeostasis and diabetes},
  volume = {187},
  ISSN = {0031-9384},
  url = {http://dx.doi.org/10.1016/j.physbeh.2017.08.016},
  DOI = {10.1016/j.physbeh.2017.08.016},
  journal = {Physiology \& amp; Behavior},
  publisher = {Elsevier BV},
  author = {Mauvais-Jarvis,  Franck},
  year = {2018},
  month = apr,
  pages = {20–23}
}

@article{Miao2013,
  title = {Potential Applications of Function Data Analysis in High-frequency Financial Research},
  volume = {02},
  ISSN = {2167-0234},
  url = {http://dx.doi.org/10.4172/2167-0234.1000e125},
  DOI = {10.4172/2167-0234.1000e125},
  number = {01},
  journal = {Journal of Business and Financial Affairs},
  publisher = {OMICS Publishing Group},
  author = {Miao,  Hong},
  year = {2013}
}

%%%%%%%%%%%%%%%%%%%%%%%%%%%%%%%%%%%%%%%%%%%%%%%%%
%%%%%%%%%%%%%%% PROBABILIDAD  %%%%%%%%%%%%%%%%%%%
%%%%%%%%%%%%%%%%%%%%%%%%%%%%%%%%%%%%%%%%%%%%%%%%%

@book{Rincon,
  title={Curso intermedio de probabilidad},
  author={Montes, E.V. and Rinc{\'o}n, L. and Universidad Nacional Aut{\'o}noma de M{\'e}xico Facultad de Ciencias},
  isbn={9789703242696},
  series={Flora de Guerrero},
  url={https://books.google.com.mx/books?id=UEUGPwAACAAJ},
  year={2006},
  publisher={UNAM, Facultad de Ciencias}
}

@misc{RegLinealCuantil,
  author = "Richard Henry Huiman Morales ",
  publiser = "Universidad Nacional Mayor de San Marcos",
  title = "Análisis de la regresión cuantílica para la distribución del ingreso total mensual de la población económicamente activa ocupada de Lima Metropolitana",
  year = "2016",
  url = "https://core.ac.uk/download/pdf/323350888.pdf",
  urldate = {2024-04-16}
}
%%%%%%%%%%%%%%%%%%%%%%%%%%%%%%%%%%%%%%%%%%%%%%%%%
%%%%%%%%%%%%%%%% COPULAS  %%%%%%%%%%%%%%%%%%%%%%%
%%%%%%%%%%%%%%%%%%%%%%%%%%%%%%%%%%%%%%%%%%%%%%%%%

@Book{CopulasR,
  title =    {{E}lements of {C}opula {M}odeling with \textsf{R}},
  year =     2018,
  publisher =    {Springer Use R! Series},
  isbn =         {978-3-319-89635-9},
  url =          {http://www.springer.com/de/book/9783319896342},
  author =   {Marius Hofert and Ivan Kojadinovic and Martin Maechler and Jun Yan},
}

@article{FLR,
  title = {Functional linear regression that’s interpretable},
  volume = {37},
  ISSN = {0090-5364},
  url = {http://dx.doi.org/10.1214/08-AOS641},
  DOI = {10.1214/08-aos641},
  number = {5A},
  journal = {The Annals of Statistics},
  publisher = {Institute of Mathematical Statistics},
  author = {James,  Gareth M. and Wang,  Jing and Zhu,  Ji},
  year = {2009},
  month = oct 
}
@article{PairCopula,
title = {Pair-copula constructions of multiple dependence},
journal = {Insurance: Mathematics and Economics},
volume = {44},
number = {2},
pages = {182-198},
year = {2009},
issn = {0167-6687},
doi = {https://doi.org/10.1016/j.insmatheco.2007.02.001},
url = {https://www.sciencedirect.com/science/article/pii/S0167668707000194},
author = {Kjersti Aas and Claudia Czado and Arnoldo Frigessi and Henrik Bakken},
keywords = {Pair-copulae, Vines, Conditional distribution, Decomposition, Multivariate distribution},
abstract = {Building on the work of Bedford, Cooke and Joe, we show how multivariate data, which exhibit complex patterns of dependence in the tails, can be modelled using a cascade of pair-copulae, acting on two variables at a time. We use the pair-copula decomposition of a general multivariate distribution and propose a method for performing inference. The model construction is hierarchical in nature, the various levels corresponding to the incorporation of more variables in the conditioning sets, using pair-copulae as simple building blocks. Pair-copula decomposed models also represent a very flexible way to construct higher-dimensional copulae. We apply the methodology to a financial data set. Our approach represents the first step towards the development of an unsupervised algorithm that explores the space of possible pair-copula models, that also can be applied to huge data sets automatically.}
}

@book{czadoAnalyzing,
  title={Analyzing Dependent Data with Vine Copulas: A Practical Guide With R},
  author={Czado, C.},
  isbn={9783030137847},
  lccn={2019935152},
  series={Lecture Notes in Statistics},
  url={https://books.google.com.mx/books?id=8GgtwQEACAAJ},
  year={2019},
  publisher={Springer International Publishing}
}

@book{nelsenintroduction,
  title={An Introduction to Copulas},
  author={Nelsen, R.B.},
  isbn={9780387286785},
  lccn={2005933254},
  series={Springer Series in Statistics},
  url={https://books.google.com.mx/books?id=B3ONT5rBv0wC},
  year={2007},
  publisher={Springer New York}
}

@misc{TesisEmanuel,
  author = "Isreael Emmanuel Ambriz Lobato",
  publisher = "Universidad Nacional Autónoma de México",
  title = "Desarrollo Humano e Intensidad Migratoria: Modelado Conjunto Vía Cópulas",
  year = "2013",
  url = "https://drive.google.com/file/d/1tA6Zc7zHACEGSqxUrBUM0HoaRmvkt6TN/view?usp=sharing",
  urldate = {2024-04-22}
}


@ARTICLE{Erdely2022,
  title         = "Copula-based statistical dependence visualizations",
  author        = "Erdely, Arturo and Rubio-Sanchez, Manuel",
  abstract      = "A frequent task in exploratory data analysis consists in
                   examining pairwise dependencies between data variables.
                   Popular approaches include visualizing correlation or
                   scatter plot matrices. However, both methods can be
                   misleading. The former is primarily limited because it
                   reports a single value for a pair of random variables.
                   Furthermore, scatter plots can fail to convey the dependency
                   structure between variables properly. In this paper we
                   discuss these shortcomings and present alternative and
                   richer visualizations based on copula functions, which fully
                   determine the dependency between continuous random
                   variables. Since copulas seldom appear in the data
                   visualization literature we first review essential theory,
                   and propose alternative scatter plots and several heatmaps
                   for assessing the statistical association between two
                   continuous random variables. These visualizations not only
                   allow users to detect independence, but also increasing
                   and/or decreasing trends in the data through a color coding,
                   which can also be applied in other methods such as parallel
                   coordinates.",
  month         =  apr,
  year          =  2022,
  copyright     = "http://creativecommons.org/licenses/by/4.0/",
  archivePrefix = "arXiv",
  primaryClass  = "stat.AP",
  eprint        = "2204.00265"
}

@misc{arxiv.2403.12565,
  doi = {10.48550/ARXIV.2403.12565},
  url = {https://arxiv.org/abs/2403.12565},
  author = {Bonacina,  Francesco and Lopez,  Olivier and Thomas,  Maud},
  keywords = {Statistics Theory (math.ST),  FOS: Mathematics,  FOS: Mathematics},
  title = {Tree-based conditional copula estimation},
  publisher = {arXiv},
  year = {2024},
  copyright = {arXiv.org perpetual,  non-exclusive license}
}

@article{Bedford2001,
    title = {Probability Density Decomposition for Conditionally Dependent Random Variables Modeled by Vines},
  volume = {32},
  ISSN = {1012-2443},
  url = {http://dx.doi.org/10.1023/A:1016725902970},
  DOI = {10.1023/a:1016725902970},
  number = {1/4},
  journal = {Annals of Mathematics and Artificial Intelligence},
  publisher = {Springer Science and Business Media LLC},
  author = {Bedford,  Tim and Cooke,  Roger M.},
  year = {2001},
  pages = {245–268}
}
%%%%%%%%%%%%%%%%%%%%%%%%%%%%%%%%%%%%%%%%%%%%%%%%%
%%%%%%%%%%%%% DATOS FUNCIONALES %%%%%%%%%%%%%%%%%
%%%%%%%%%%%%%%%%%%%%%%%%%%%%%%%%%%%%%%%%%%%%%%%%%

@article{FunBox,
  title = {Functional Boxplots},
  volume = {20},
  ISSN = {1537-2715},
  url = {http://dx.doi.org/10.1198/jcgs.2011.09224},
  DOI = {10.1198/jcgs.2011.09224},
  number = {2},
  journal = {Journal of Computational and Graphical Statistics},
  publisher = {Informa UK Limited},
  author = {Sun,  Ying and Genton,  Marc G.},
  year = {2011},
  month = jan,
  pages = {316–334}
}

@misc{BandaEmanuel,
  author = "Israel Emmanuel Ambriz Lobato",
  publisher = "Centro de Investagación en Matemáticas",
  title = "Functional Quantile Regression: a potential modeling tool in Neurobiology",
  year = "2023",
  url = "https://drive.google.com/file/d/1W8XC3kz96FGWSE9cgNtK89Z4vyrGokr7/view?usp=sharing",
  urldate = {2024-04-22}
}

@article{Tepegjozova2022,
  title = {Nonparametric C- and D-vine-based quantile regression},
  volume = {10},
  ISSN = {2300-2298},
  url = {http://dx.doi.org/10.1515/demo-2022-0100},
  DOI = {10.1515/demo-2022-0100},
  number = {1},
  journal = {Dependence Modeling},
  publisher = {Walter de Gruyter GmbH},
  author = {Tepegjozova,  Marija and Zhou,  Jing and Claeskens,  Gerda and Czado,  Claudia},
  year = {2022},
  month = jan,
  pages = {1–21}
}

@ARTICLE{Gertheiss,
  title         = "Functional data analysis: An introduction and recent
                   developments",
  author        = "Gertheiss, Jan and R{\"u}gamer, David and Liew, Bernard X W
                   and Greven, Sonja",
  abstract      = "Functional data analysis (FDA) is a statistical framework
                   that allows for the analysis of curves, images, or functions
                   on higher dimensional domains. The goals of FDA, such as
                   descriptive analyses, classification, and regression, are
                   generally the same as for statistical analyses of
                   scalar-valued or multivariate data, but FDA brings
                   additional challenges due to the high- and infinite
                   dimensionality of observations and parameters, respectively.
                   This paper provides an introduction to FDA, including a
                   description of the most common statistical analysis
                   techniques, their respective software implementations, and
                   some recent developments in the field. The paper covers
                   fundamental concepts such as descriptives and outliers,
                   smoothing, amplitude and phase variation, and functional
                   principal component analysis. It also discusses functional
                   regression, statistical inference with functional data,
                   functional classification and clustering, and machine
                   learning approaches for functional data analysis. The
                   methods discussed in this paper are widely applicable in
                   fields such as medicine, biophysics, neuroscience, and
                   chemistry, and are increasingly relevant due to the
                   widespread use of technologies that allow for the collection
                   of functional data. Sparse functional data methods are also
                   relevant for longitudinal data analysis. All presented
                   methods are demonstrated using available software in R by
                   analyzing a data set on human motion and motor control. To
                   facilitate the understanding of the methods, their
                   implementation, and hands-on application, the code for these
                   practical examples is made available on Github:
                   https://github.com/davidruegamer/FDA\_tutorial .",
  month         =  dec,
  year          =  2023,
  copyright     = "http://creativecommons.org/licenses/by/4.0/",
  archivePrefix = "arXiv",
  primaryClass  = "stat.ME",
  eprint        = "2312.05523"
}

@article{Aguilera2013,
  title = {Comparative study of different-spline approaches for functional data},
  volume = {58},
  ISSN = {0895-7177},
  url = {http://dx.doi.org/10.1016/j.mcm.2013.04.007},
  DOI = {10.1016/j.mcm.2013.04.007},
  number = {7–8},
  journal = {Mathematical and Computer Modelling},
  publisher = {Elsevier BV},
  author = {Aguilera,  A.M. and Aguilera-Morillo,  M.C.},
  year = {2013},
  month = oct,
  pages = {1568–1579}
}

@book{Ramsay2009,
  title = {Functional Data Analysis with R and MATLAB},
  ISBN = {9780387981857},
  url = {http://dx.doi.org/10.1007/978-0-387-98185-7},
  DOI = {10.1007/978-0-387-98185-7},
  publisher = {Springer New York},
  author = {Ramsay,  James and Hooker,  Giles and Graves,  Spencer},
  year = {2009}
}

@article{Tsay2000,
  title = {Editor’s Introduction to Panel Discussion on Analysis of High-Frequency Data},
  volume = {18},
  ISSN = {1537-2707},
  url = {http://dx.doi.org/10.1080/07350015.2000.10524855},
  DOI = {10.1080/07350015.2000.10524855},
  number = {2},
  journal = {Journal of Business \& Economic Statistics},
  publisher = {Informa UK Limited},
  author = {Tsay,  Ruey S.},
  year = {2000},
  month = apr,
  pages = {139–139}
}

%%%%%%%%%%%%%%%%%%%%%%%%%%%%%%%%%%%%%%%%%%%%%%%%%
%%%%%%%%%%%%% Regresion Cuantil %%%%%%%%%%%%%%%%%
%%%%%%%%%%%%%%%%%%%%%%%%%%%%%%%%%%%%%%%%%%%%%%%%%

@book{Koenker2005,
  added-at = {2011-08-05T16:14:08.000+0200},
  asin = {0521608279},
  author = {Koenker, Roger},
  biburl = {https://www.bibsonomy.org/bibtex/21c628b2e5882b736f61bc089ad9c3e29/marsianus},
  description = {Quantile Regression (Econometric Society Monographs): Amazon.de: Roger Koenker: Englische Bücher},
  dewey = {519.536},
  ean = {9780521608275},
  interhash = {ba23698618b8160eeb076d27eff6591f},
  intrahash = {1c628b2e5882b736f61bc089ad9c3e29},
  isbn = {0521608279},
  keywords = {Regression Regression:quantile},
  publisher = {Cambridge University Press},
  series = {Econometric Society Monographs},
  timestamp = {2014-05-19T19:50:18.000+0200},
  title = {Quantile Regression},
  url = {http://www.amazon.de/Quantile-Regression-Econometric-Society-Monographs/dp/0521608279/ref=sr_1_1?ie=UTF8&qid=1312553603&sr=8-1},
  year = 2005
}

@misc{cuantilReg,
  author = "IBM",
  title = "Quantile Regression",
  year = "2023",
  url = "https://www.ibm.com/docs/en/spss-statistics/saas?topic=regression-quantile",
  urldate = {2024-02-17}
}

%%%%%%%%%%%%%%%%%%%%%%%%%%%%%%%%%%%%%%%%%%%%%%%%%
%%%%%%%%%%%% IMPUTACION DE DATOS %%%%%%%%%%%%%%%%
%%%%%%%%%%%%%%%%%%%%%%%%%%%%%%%%%%%%%%%%%%%%%%%%%

@misc{Imputacion,
  author = "Patricio Araneda",
  title = "Imputación de Datos",
  year = "2021",
  url = "https://rpubs.com/paraneda/imputacion",
  urldate = {2024-02-23}
}


@article{boxplotFun,
author = {Sun, Ying and Genton, Marc},
year = {2010},
month = {10},
pages = {},
title = {Functional Boxplot},
volume = {20},
journal = {Journal of Computational and Graphical Statistics},
doi = {10.2307/23110490}
}

%%%%%%%%%%%%%%%%%%%%%%%%%%%%%%%%%%%%%%%%%%%%%%%%%
%%%%%%%%%%%%%%%% IMAGENES %%%%%%%%%%%%%%%%%%%%%%%
%%%%%%%%%%%%%%%%%%%%%%%%%%%%%%%%%%%%%%%%%%%%%%%%%

@misc{ImgHomeos,
  author = "UNED. Facultad de Ciencias. Nutrición y Dietética",
  title = "Guía de Alimentación y Salud. Alimentación en las enfermedades: Diabetes",
  year = "2024",
  url = "https://www2.uned.es/pea-nutricion-y-dietetica-I/guia/enfermedades/diabetes/manual_produccion_de_ins.htm",
  urldate = {2024-02-07}
}


@misc{ImgResis,
  author = " Wikipedia",
  title = "Resistencia a la insulina",
  year = "2023",
  url = "hhttps://es.wikipedia.org/wiki/Resistencia_a_la_insulina",
  urldate = {2024-02-07}
}

@misc{ImgCopulas,
  author = " Bo's Blog  About",
  title = "Copula: A Very Short Introduction",
  year = "2019",
  url = "https://bochang.me/blog/posts/copula/",
  urldate = {2024-04-17}
}

@misc{ImgRegCuantile,
  author = "Steven Dye",
  title = "Quantile Regression",
  publisher = "Towards Data Science",
  year = "2020",
  url = "https://towardsdatascience.com/quantile-regression-ff2343c4a03",
  urldate = {2024-04-17}
}